@COMMENT { BibCompanion_Settings,
	textencoding = {-2147483647},
	linemode = {2},
	database_ID = {2hcAFNPPgiXJHQy22zS1GZgUASnTLboS},
	attachment_mode = {1},
	rename_after_bibkey = {YES},
	keep_full_path = {NO},
	description = {sahara},
	attachment_path = {Attachments},
	last_saved = {2005-08-30 17:43:31 +0900}
}

@COMMENT {
HyperBibDB_Settings,
	comment = { This BibTeX database was generated by HyperBibDB. },
	last_saved = { 2005/3/28 - 15:10 },
	scroll_position = { 0, 0 },
	window_position = { 44, 254, 492, 1444 }
}



@BOOK { Holzmann1991J,
	author = "Gerard J. Holzmann著、水野忠則・東野輝夫・佐藤文明・太田剛訳",
	key = "Holz91",
	month = "Nov.",
	publisher = "カットシステム",
	title = "コンピュータプロトコルの設計法",
	year = 1997
}

@BOOK { Holzmann2003,
	annote = "SPIN設計者の教科書。",
	author = "Gerard J. Holzmann",
	key = "Holz03",
	month = "Sep.",
	publisher = "Addison-Wesley",
	title = "The Spin Model Checker: Primer and Reference Manual",
	year = 2003
}

@BOOK { Fitz-Larsen2005,
	author = "John Fitzgerald; PeterGorm Larsen;Paul Mukherjee; Nico Plat; Marcek Verhoef",
	modified = "2005-08-30 17:42:21 +0900",
	month = 02,
	publisher = "Springer Verlag",
	title = "Validated Designs For Object-oriented Systems",
	year = 2005
}

@BOOK { Jones1990,
	author = "Cliff Jones",
	publisher = "Prentice Hall International",
	title = "Systematic Software Development using VDM",
	year = 1990
}

@BOOK { Fitz-Larsen2003J,
	author = "ジョン・フィッツジェラルド; ピーター・ゴーム・ラーセン 著, 荒木啓二郎; 張漢明; 荻野隆彦; 佐原伸; 染谷誠 訳",
	modified = "2005-08-30 17:43:26 +0900",
	publisher = "岩波書店",
	title = "ソフトウェア開発のモデル化技法",
	year = 2003
}

@INPROCEEDINGS { LV02-DP-SF,
	address = "Pittsburgh, USA",
	author = "Ralf L{\"a}mmel and Joost Visser",
	booktitle = "{Proc.\ of Third ACM SIGPLAN Workshop on Rule-Based Programming RULE'02}",
	month = OCT # 5,
	note = "14 pages",
	publisher = "ACM Press",
	title = "{Design Patterns for Functional Strategic Programming}",
	year = 2002
}

@INPROCEEDINGS { LV03-PADL,
	author = "R.~L{\"a}mmel and J.~Visser",
	booktitle = "{Proc.\ of Practical Aspects of Declarative Programming (PADL'03)}",
	editor = "V.~Dahl and P.~Wadler",
	month = JAN,
	pages = "357--375",
	publisher = "Springer-Verlag",
	series = "LNCS",
	title = "{A Strafunski Application Letter}",
	volume = 2562,
	year = 2003
}

@INPROCEEDINGS { Sahara2001,
	annote = "事務処理現場の経験。",
	author = "佐原伸",
	booktitle = "ソフトウェア・シンポジウム2001",
	key = "Sahara01",
	organization = "ソフトウェア技術者協会",
	title = "事務システムにおける形式仕様適用例",
	year = 2001
}

@INPROCEEDINGS { Sahara2003,
	author = "佐原伸",
	booktitle = "ソフトウェア・シンポジウム2003",
	organization = "ソフトウェア技術者協会",
	title = "大規模事務処理システムにおける形式手法の適用経験",
	year = 2003
}

@INPROCEEDINGS { Sahara2004-1,
	author = "佐原伸",
	booktitle = "ソフトウェア・シンポジウム2004（予定）",
	organization = "ソフトウェア技術者協会",
	title = "事務処理用VDM++フレームワークの作成",
	year = 2004
}

@INPROCEEDINGS { Sahara2004-2,
	author = "佐原伸",
	booktitle = "ソフトウェア・シンポジウム2004",
	organization = "ソフトウェア技術者協会",
	title = "VDM++基本ライブラリの作成",
	year = 2004
}

@INPROCEEDINGS { Sahara2005,
	author = "佐原伸",
	booktitle = "ソフトウェア・シンポジウム2005",
	key = "VDM++, Regression Test Library",
	mark = "ON",
	modified = "2005-05-09 13:58:30 +0900",
	organization = "ソフトウェア技術者協会",
	title = "VDM++関数型回帰テスト支援ライブラリ",
	year = 2005
}

@INPROCEEDINGS { Sakoh2002,
	author = "酒匂寛",
	booktitle = "ソフトウェア・シンポジウム2002",
	publisher = "ソフトウェア技術者協会",
	title = "汎用事務処理フレームワーク Gofoその概要と経験",
	year = 2002
}

@MANUAL { Itoh2005-Promela,
	author = "Gerth, R.（著), 伊藤昌夫（翻訳）",
	email = "nil@nil.co.jp",
	file = "SEA/2005/DW2005/SPIN.pdf",
	month = "Feb.",
	title = "Promela簡介",
	year = 2005
}

@MANUAL { IFAD2001,
	author = "IFAD",
	edition = "V6.8",
	file = "/Language/VDMTools/VDM++/docpp_letter.pdf Folder/langmanpp_letter.pdf",
	organization = "CSK",
	title = "The IFAD VDM++ Language",
	year = 2001
}

@MANUAL { Clean2002,
	address = "Nijmegen",
	author = "Rinus Plasmeijer, Marko van Eekelen",
	edition = "Ver 2.1",
	organization = "Department of Software Technology University of Nijmegen, Hilt - High Level Software Tools B.V.",
	title = "Clean Language Report",
	year = 2002
}

@TECHREPORT { IFAD1999,
	author = "IFAD",
	file = "/Language/VDMTools/VDM++/Paper/guidelines_a4.pdf",
	institution = "CSK",
	title = "VDM++ Method Guidelines",
	year = 1999
}

@TECHREPORT { IFAD2000,
	author = "IFAD",
	file = "/Language/VDMTools/VDM++/Paper/process.pdf",
	institution = "CSK",
	title = "Development Guidelines for Real-Time Systems Using VDMTools",
	year = 2000
}

@MISC { Yamasaki2005-P,
	author = "山崎利治",
	file = "SEA/2005/DW2005/ProblemByYamasaki.pdf",
	month = "Feb.",
	title = "DW2005のための問題",
	year = 2005
}

@ARTICLE { Nakajima2002,
	author = "中島 震 and 玉井 哲雄",
	journal = "コンピュータ・ソフトウェア",
	key = "SPIN Formal Method EJB 振舞い解析",
	modified = "2005-04-18 13:12:45 +0900",
	month = "March",
	number = 2,
	pages = "2-18",
	title = "{EJBコンポーネントアーキテクチャのSPINによる振舞い解析}",
	volume = 19,
	year = 2002
}

@ARTICLE { Nakajima_0021,
	author = "中島 震",
	journal = "情報処理学会論文誌",
	key = "モデル検査 形式手法 Webサービス",
	modified = "2005-04-18 13:15:18 +0900",
	month = "March",
	number = 3,
	pages = "942-952",
	title = "Webサービスフロー記述のモデル検査検証",
	volume = 44,
	year = 2003
}

@ARTICLE { Nakajima2001,
	author = "中島 震",
	journal = "コンピュータ・ソフトウェア",
	modified = "2005-04-18 13:17:37 +0900",
	month = "November",
	number = 5,
	pages = "17-46",
	title = "オジェクト指向デザインと形式手法",
	volume = 18,
	year = 2001
}

@ARTICLE { Nakajima_2004,
	author = "中島 震",
	journal = "情報処理",
	key = "モデル検査 形式手法 組込システム",
	modified = "2005-04-18 13:18:35 +0900",
	month = "July",
	number = 7,
	pages = "690-693",
	title = "組み込みソフトウェアのモデル検査技術入門",
	volume = 7,
	year = 2004
}

@MANUAL { CSK2005,
	author = "CSK",
	edition = "V6.8.2",
	file = "/Language/VDMTools/VDM++/docpp_a4.pfd Folder/langmanpp_a4.pdf",
	key = "Formal Method, VDM, Specification Language",
	modified = "2005-05-09 13:18:54 +0900",
	organization = "CSK",
	title = "The VDM++ Language",
	year = 2005
}

@INPROCEEDINGS { Felica2005,
	author = "栗田 太郎，太田 豊一，中津川 泰正",
	booktitle = "ソフトウェア・シンポジウム2005",
	journal = "SS2005 Proceedings",
	key = "Mobile Felica Chip, Formal Method, VDM++",
	modified = "2005-05-09 13:57:58 +0900",
	organization = "ソフトウェア技術者協会",
	title = "携帯電話組み込み用 ``モバイル {FeliCa} {IC} チップ'' 開発における 形式仕様記述手法導入の効果と課題",
	year = 2005
}

