%
% bib file for the VDM++ full real-time semantics paper
% $Id: vdmppsem.bib,v 1.1 2005/11/21 04:41:20 vdmtools Exp $
%

@book{Fitzgerald&05,
  author = "John Fitzgerald and Peter Gorm Larsen and Paul Mukherjee and
            Nico Plat and Marcel Verhoef",
  title = "{Validated Designs for Object--oriented Systems}",
  publisher = "Springer, New York",
  year = "2005",
  annote = "{\tt {http://www.vdmbook.com}}",
  url = "{\tt {http://www.vdmbook.com}}",
  isbn = "1-85233-881-4"
}

@article{Lano98,
  author = "Kevin Lano",
  title = "Logic Specification of Reactive and Real-time Systems",
  journal = "Journal of Logic and Computation",
  publisher = "Oxford University Press",
  year	= "1998",
  volume = "8",
  number = "5",
  pages = "679--711"
}

@article{Lee05,
  author = "Edward A. Lee",
  title = "Absolutely Positively on Time: What Would It Take?",
  journal = "IEEE Computer",
  publisher = "IEEE",
  year = "2005",
  month = "July",
  pages = "85--87"
}

@article{Verhoef2005,
  author = "Marcel Verhoef",
  title = "On the Use of {VDM++} for Specifying Real-Time Systems",
  journal = "Proc. First Overture workshop",
  publisher = "University of Newcastle-Upon-Tyne, Centre for Software Reliability",
  year = "2005",
  month = "November"
}

@book{BPD2004,
  author = "Bruce Powell Douglas",
  title = "Real Time {UML} -- Advances in the {UML} for real-time systems",
  publisher = "Addison-Wesley",
  year = "2004",
  edition = "Third",
  isbn = "0-321-16076-2"
}

@article{Wang04,
  author = "Farn Wang",
  title = "Formal Verification of Timed Systems: A Survey and Perspective",
  journal = "Proc. of the IEEE",
  volume = "92",
  number = "8",
  month = "august",
  year = "2004",
  pages = "1283--1305"
}

@unpublished{Mukherjee&00,
  author = {Paul Mukherjee and Fabien Bousquet and J\'{e}r\^{o}me Delabre and Stephen Paynter and Peter Gorm Larsen},
  title = {Exploring Timing Properties Using {VDM++}},
  year = {1999},
  annote = {Available on-line at {\it www.pglconsult.dk}}
}

%G
@TECHREPORT{Lamport05b,
  KEY           = "Lamport05b",
  AUTHOR        = "Leslie Lamport",
  TITLE         = "Real Time is Really Simple",
  INSTITUTION   = "Microsoft Research",
  ADDRESS       = "",
  YEAR          = "2005",
  MONTH         = "August",
  TYPE          = "",
  NUMBER        = "MSR-TR-2005-30",
  SIZE          = "72",
  NOTE          = "",
  ANNOTE        = "",
  COMMENT       = ""}

%G
@INPROCEEDINGS{Lamport05a,
  KEY           = "Lamport05a",
  AUTHOR        = "Leslie Lamport",
  EDITOR        = "",
  TITLE         = "Real-Time Model Checking is Really Simple",
  BOOKTITLE     = "Proceedings of Charme 2005",
  ORGANIZATION  = "",
  PUBLISHER     = "Springer",
  ADDRESS       = "",
  YEAR          = "2005",
  MONTH         = "June",
  PAGES         = "",
  SIZE          = "17",
  NOTE          = "",
  ANNOTE        = "",
  COMMENT       = ""}

%G
@MISC{Axlog02,
  KEY           = "Axlog02",
  AUTHOR        = "Axlog",
  TITLE         = "Avionics Architecture Description Language",
  NOTE          = "Seminar hand outs",
  YEAR          = "2002",
  MONTH         = "October",
  HOWPUBLISHED  = "{\it http://www.axlog.fr/R\_d/aadl/seminar.html}",
  SIZE          = "243",
  NOTE          = "",
  ANNOTE        = "",
  COMMENT       = ""}

%G
@MANUAL{Hendriksson&03,
  KEY           = "Hendriksson&03",
  AUTHOR        = "Dan Hendriksson and Anton Cervin",
  TITLE         = "TrueTime 1.13 -- Reference Manual",
  ORGANIZATION  = "Lund Institute of Technology -- Department of Automatic Control",
  ADDRESS       = "",
  YEAR          = "2003",
  MONTH         = "October",
  SIZE          = "66",
  NOTE          = "",
  ANNOTE        = "",
  COMMENT       = ""}
