%G COMP STATSEM KDBINT
@BOOK{Aho&86,
  KEY           = "Aho\&86",
  AUTHOR        = "Alfred\ V.\ Aho, Ravi\ Sethi, Jeffrey\ D.\ Ullman",
  TITLE         = "{Compilers: Principles, Techniques and Tools}",
  PUBLISHER     = "Addison-Wesley",
  YEAR          = "1986",
  SIZE          = "796",
  COMMENT       = "I have a copy. MV."}

%G BSIVDM VDM IPTESINT KDBINT
@BOOK{Andrews&91,
  KEY           = "Andrews\&91",
  AUTHOR        = "Derek Andrews and Darrel Ince",
  TITLE         = "{Practical Formal Methods with VDM}",
  PUBLISHER     = "McGraw Hill",
  YEAR          = "1991",
  MONTH         = "September",
  SIZE          = "450",
  COMMENT       = "LIB. I have a copy of it (PGL)."}

%G COMP ERROR KDBINT
@BOOK{Backhouse79,
  KEY           = "Backhouse79",
  AUTHOR        = "Roland C.\ Backhouse",
  EDITOR        = "C.A.R.\ Hoare",
  TITLE         = "{Syntax of Programming Languages -- Theory and Practice}",
  PUBLISHER     = "Prentice-Hall International",
  YEAR          = "1979",
  SIZE          = "301",
  COMMENT       = "RE has a copy. DP"}

%G ADA KDBINT
@BOOK{Barnes89,
  KEY           = "Barnes89",
  AUTHOR        = "J.G.P.\ Barnes",
  TITLE         = "Programming in ADA",
  PUBLISHER     = "Addison-Wesley",
  YEAR          = "1989",
  SERIES        = "International Computer Science Series",
  EDITION       = "Third",
  SIZE          = "494",
  COMMENT       = ""}

%G BSIVDM VDM STRUCT IPTESINT KDBINT
@INPROCEEDINGS{Bear88,
  KEY           = "Bear88",
  AUTHOR        = "Stephen Bear",
  TITLE         = "{Structuring for the VDM Specification Language.}",
  BOOKTITLE     = "{VDM '88 VDM -- The Way Ahead}",
  ORGANIZATION  = "VDM-Europe",
  PUBLISHER     = "Springer-Verlag",
  YEAR          = "1988",
  MONTH         = "September",
  PAGES         = "2--25",
  SIZE          = "24",
  COMMENT       = "I have a hardcopy and I have a copy of the whole 
                   proceedings (PGL)."}

%G VDM KDBINT
@ARTICLE{Bjorner78c,
  KEY           = "Bj{\o}rner78",
  AUTHOR        = "D. Bj{\o}rner",
  TITLE         = "Programming in the Meta-Languague: A Tutorial",
  JOURNAL       = "The Vienna Development Method: The Meta-Language",
  YEAR          = "1978",
  PAGES         = "24-217", 
  COMMENT       = ""}

%G VDM KDBINT
@ARTICLE{Bjorner78d,
  KEY           = "Bj{\o}rner78",
  AUTHOR        = "D. Bj{\o}rner",
  TITLE         = "Software Abstraction Principles: Tutorial Examples of
                   an Operating System Command Language Specification
                   and a PL/I-like On-Condition Language Definition",
  JOURNAL       = "The Vienna Development Method: The Meta-Language",
  YEAR          = "1978",
  PAGES         = "337-374", 
  COMMENT       = ""}

%G VDM KDBINT
@BOOK{Bjorner&78,
  KEY           = "Bj{\o}rner\&78",
  AUTHOR        = "D. Bj{\o}rner, C.B. Jones (eds.)",
  TITLE         = "The Vienna Development Method: The Meta-Language",
  PUBLISHER     = "Springer-Verlag",
  YEAR          = "1978",
  VOLUME        = "61",
  SERIES        = "Lecture Notes in Computer Science", 
  COMMENT       = ""}

%G RB KDBINT
@MISC{Blaue,
  KEY           = "Blaue89",
  AUTHOR        = "Christoph Blaue", 
  TITLE         = "{A Copy Rule Approach to the Semantics of
                   Meta IV Modules}", 
  YEAR          = "1989", 
  MONTH         = "September", 
  SIZE          = "12", 
  COMMENT       = "I have a hardcopy (PGL)."}

%G RB KDBINT
@MISC{ConBear,
  KEY           = "Blikle89",
  AUTHOR        = "Andrzej Blikle", 
  TITLE         = "{Concluding remarks on S.\ Bear's model of BSI/VDM
                   modules}", 
  NOTE          = "Warsaw", 
  YEAR          = "1989", 
  MONTH         = "July", 
  SIZE          = "2", 
  COMMENT       = "I have a hardcopy (PGL)."}

%G PASCAL KDBINT
@MANUAL{Borland89,
  KEY           = "Borland89",
  TITLE         = "Turbo Pascal Reference Guide",
  ORGANIZATION  = "Borland International",
  YEAR          = "1989",
  SIZE          = "468",
  NOTE          = "For version 5.5",
  COMMENT       = "OBL has a copy"}

%G KDBINT VDM
@UNPUBLISHED{Bruin93,
  KEY           = "Bruin93",
  AUTHOR        = "Cornelis de Bruin",
  TITLE         = "The Dynamic Semantics of IFAD VDM-SL",
  YEAR          = "1993",
  MONTH         = "June",
  SIZE          = "",
  COMMENT       = ""}

%G VDM KDBINT
@MASTERSTHESIS{Bruin93a,
  KEY           = "Bruin93",
  AUTHOR        = "Cornelis de Bruin",
  TITLE         = "Towards an Interpreter for Full VDM-SL: Extending
                   the IFAD VDM-SL Toolbox, including Modules, Higher
                   Order Functions and Exception Handling",
  SCHOOL        = "Delft University of Technology",
  YEAR          = "1993",
  MONTH         = "June",
  SIZE          = "107",
  COMMENT       = ""}

%G BSIVDM VDM STD CEDERINT IPTESINT CONFIRM KDBINT
@TECHREPORT{BSIVDM91,
  KEY           = "BSIVDM91",
  TITLE         = "{VDM Specification Language -- Proto-Standard}",
  INSTITUTION   = "British Standards Institution",
  YEAR          = "1991",
  MONTH         = "March",
  SIZE          = "269",
  NOTE          = "BSI IST/5/50",
  COMMENT       = "(PGL)."}

%G BSIVDM VDM STD CEDERINT IPTESINT CONFIRM KDBINT
@TECHREPORT{BSIVDM92,
  KEY           = "BSIVDM92",
  TITLE         = "{VDM Specification Language -- Proto-Standard}",
  INSTITUTION   = "British Standards Institution",
  YEAR          = "1992",
  MONTH         = "August",
  SIZE          = "403",
  NOTE          = "BSI IST/5/19 N-231",
  COMMENT       = "(PGL)."}

%G KDBINT FUNPRO
@INPROCEEDINGS{Cregut90,
  KEY           = "Cr\'{e}gut90",
  AUTHOR        = "P.\ Cr\'{e}gut",
  TITLE         = "An Abstract Machine for the Normalization of $\lambda$-Terms",
  BOOKTITLE     = "1990 ACM Conference on Lisp and Functional Programming",
  PUBLISHER     = "ACM Press",
  YEAR          = "1990",
  PAGES         = "333--340",
  SIZE          = "8",
  COMMENT       = ""}

%G KDBINT FUNPRO
@TECHREPORT{Curien88,
  KEY           = "Curien88",
  AUTHOR        = "P.L.\ Curien",
  TITLE         = "The $\lambda\rho$-Calculus: An Abstract Framework for
                   Environment Machines",
  INSTITUTION   = "Ecole Normale Sup\'{e}rieure, Paris, France",
  YEAR          = "1988",
  NUMBER        = "Rapport de Recherche LIENS-88-10",
  COMMENT       = ""}

%G BSIVDM VDM IPTESINT STATSEM KDBINT
@BOOK{Dawes91,
  KEY           = "Dawes91",
  AUTHOR        = "John Dawes",
  TITLE         = "{The VDM-SL Reference Guide}",
  PUBLISHER     = "Pitman",
  YEAR          = "1991",
  SIZE          = "217",
  COMMENT       = "I have a copy and I have read it 10/9-91 (PGL)."}

%G BSIVDM VDM TOOL IPTESINT KDBINT
@TECHREPORT{Dickinson91,
  KEY           = "Dickinson91",
  AUTHOR        = "I.P.\ Dickinson",
  TITLE         = "{Typesetting VDM with VDMSL macros}",
  INSTITUTION   = "NPL",
  YEAR          = "1991",
  MONTH         = "February",
  SIZE          = "101",
  COMMENT       = "I have a copy which is placed in the Tex/Latex
                   binder, and have used the macros (PGL)."}

%G C++ KDBINT
@BOOK{Ellis&90,
  KEY           = "Ellis\&90",
  AUTHOR        = "Margaret A. Ellis and Bjarne Stroustrup",
  TITLE         = "{The Annotated C++ Reference Manual}",
  YEAR          = "1990",
  SIZE          = "447",
  COMMENT       = "DP"}

%G COMP IPTESINT FUNPRO LISP KDBINT
@BOOK{Field&88,
  KEY           = "Field\&88",
  AUTHOR        = "Anthony J. Field and Peter G. Harrison",
  TITLE         = "{Functional Programming}",
  PUBLISHER     = "Addison Wesley",
  YEAR          = "1988",
  SIZE          = "602",
  COMMENT       = "I have a copy of this book (PGL)"}

%G VDM STRUCT PGLPHDINT KDBINT
@PHDTHESIS{Fitzgerald91,
  KEY           = "Fitzgerald91",
  AUTHOR        = "John F.\ Fitzgerald",
  TITLE         = "Modularity in Model-Oriented Formal Specifications
                   and its Interaction with Formal Reasoning",
  SCHOOL        = "University of Manchester",
  ADDRESS       = "Manchester M13 9PL, UK.",
  YEAR          = "1991",
  MONTH         = "November",
  SIZE          = "171",
  NOTE          = "\\ This document is also available as Technical Report
                   UMCS-91-11-2 from the Department of Computer Science,
                   The University of Manchester.",
  COMMENT       = "BIB. KDB"}

%G RAISE KDBINT
@ARTICLE{George92,
  KEY           = "George92",
  AUTHOR        = "Chris George",
  TITLE         = "The NDB Database Specified in the RAISE Specification
                   Language",
  JOURNAL       = "Formal Aspects of Computing",
  YEAR          = "1992",
  VOLUME        = "4",
  NUMBER        = "1",
  PAGES         = "48--75",
  SIZE          = "28",
  COMMENT       = "PGL has a copy"}

%G RAISE KDBINT
@MISC{George92a,
  KEY           = "George92",
  AUTHOR        = "Chris George",
  TITLE         = "{Modularity in RSL (including slides)}",
  YEAR          = "1992",
  MONTH         = "October",
  SIZE          = "19",
  HOWPUBLISHED  = "Proceedings of the Modules Meeting, NPL",
  COMMENT       = "PGL has a copy"}

%G FUNPRO IPTESINT BSIVDMINT POLY ML KDBINT
@TECHREPORT{Harper&89,
  KEY           = "Harper\&89",
  AUTHOR        = "Robert Harper, Robin Milner and Mads Tofte",
  TITLE         = "{The Definition of Standard ML}",
  INSTITUTION   = "Department of Computer Science",
  ADDRESS       = "University of Edingburgh, The King's Building",
  YEAR          = "1989",
  SIZE          = "100",
  COMMENT       = "DP"}

%G RB KDBINT
@MISC{Anne,
  KEY           = "Haxthausen89",
  AUTHOR        = "Anne Haxthausen", 
  TITLE         = "{Remarks on S.\ Bear's Model of BSI/VDM Modules}", 
  YEAR          = "1989", 
  MONTH         = "June", 
  SIZE          = "11", 
  COMMENT       = "I have a hardcopy (PGL)."}

%G FUNPRO LISP FORTAIN IPTESINT KDBINT
@BOOK{Henderson80,
  KEY           = "Henderson80",
  AUTHOR        = "Peter Henderson",
  EDITOR        = "C. A. R. Hoare",
  TITLE         = "{Functional Programming, Application and Implementation}",
  PUBLISHER     = "Prentice-Hall International",
  YEAR          = "1980",
  SIZE          = "355",
  COMMENT       = "I have a copy which was used in a course at the
                   Technical University of Denmark (PGL)"}

%G VDM KDBINT
@INCOLLECTION{Henhapl&78,
  KEY           = "Henhapl\&78",
  AUTHOR        = "W. Henhapl, C.B. Jones",
  TITLE         = "A Formal Definition of ALGOL 60 as described in the 1975
                   modified Report",
  BOOKTITLE     = "The Vienna Development Method: The Meta-Language",
  PAGES         = "305-336", 
  PUBLISHER     = "Springer-Verlag",
  YEAR          = "1978",
  COMMENT       = ""}

%G FUNPRO KDBINT
@INPROCEEDINGS{Johnsson84,
  KEY           = "Johnsson84",
  AUTHOR        = "T.\ Johnsson",
  TITLE         = "{Efficient Compilation of Lazy Evaluation}",
  BOOKTITLE     = "{Proc.\ of the ACM Symposium on Compiler
                   Construction}",
  YEAR          = "1984",
  MONTH         = "June",
  PAGES         = "58--69",
  SIZE          = "12",
  COMMENT       = "KDB"}

%G VDM KDBINT
@INCOLLECTION{Jones78a,
  KEY           = "Jones78",
  AUTHOR        = "C.B. Jones",
  TITLE         = "The Meta-Language: A Reference Manual",
  BOOKTITLE     = "The Vienna Development Method: The Meta-Language",
  PAGES         = "218-277", 
  PUBLISHER     = "Springer-Verlag",
  YEAR          = "1978",
  COMMENT       = ""}

%G VDM KDBINT
@INCOLLECTION{Jones78c,
  KEY           = "Jones78",
  AUTHOR        = "C.B. Jones",
  TITLE         = "The Vienna Development Method: Examples of Compiler
                   Development",
  BOOKTITLE     = "Le Point sur la Compilations",
  EDITOR        = "Amirchachy and Neel",
  PUBLISHER     = "INRIA Publ. Paris",
  YEAR          = "1979",
  COMMENT       = ""}

%G FUNPRO KDBINT
@BOOK{Jones87b,
  KEY           = "Jones87",
  AUTHOR        = "Simon L.\ Peyton Jones",
  EDITOR        = "C.A.R.\ Hoare",
  TITLE         = "{The Implementation of Functional Programming
                   Languages}",
  PUBLISHER     = "Prentice-Hall International",
  YEAR          = "1987",
  SIZE          = "445",
  COMMENT       = "KDB"}

%G VDM IPTESINT STATSEM KDBINT
@BOOK{Jones90,
  KEY           = "Jones90",
  AUTHOR        = "Cliff B.\ Jones",
  TITLE         = "{Systematic Software Development Using VDM}",  
  PUBLISHER     = "Prentice-Hall International",
  ADDRESS       = "Englewood Cliffs, New Jersey", 
  YEAR          = "1990",
  SIZE          = "333",
  EDITION       = "Second", 
  COMMENT       = "I have a copy of it (PGL)."}

%G VDM90 COLD KDBINT
@TECHREPORT{Jonkers88a,
  KEY           = "Jonkers88",
  AUTHOR        = "Hans Jonkers",
  TITLE         = "{A Concrete Syntax for COLD-K}",
  INSTITUTION   = "Philips Research Labs",
  YEAR          = "1988",
  MONTH         = "January",
  NUMBER        = "METEOR/t8/PRLE/2",
  SIZE          = "18",
  COMMENT       = "BIB. I have not yet read it (PGL).
                   This was used as part of COLD tutorial at the
                   VDM 90 conference."}

%G ML KDBINT
@ARTICLE{Kazmierczak92,
  KEY           = "Kazmierczak92",
  AUTHOR        = "Edmund Kazmierczak",
  TITLE         = "Modularising the Specification of a Small Database
                   System in Extended ML",
  JOURNAL       = "Formal Aspects of Computing",
  YEAR          = "1992",
  VOLUME        = "4",
  NUMBER        = "1",
  PAGES         = "100--142",
  SIZE          = "43",
  COMMENT       = "PGL has a copy"}

%G C KDBINT
@BOOK{Kernighan&88,
  KEY           = "Kernighan\&88",
  AUTHOR        = "Brian W.\ Kernighan and Dennis M.\ Ritchie",
  TITLE         = "{The C Programming Language (second Edition)}",
  PUBLISHER     = "Prentice-Hall International",
  ADDRESS       = "Englewood Cliffs, New Jersey 07632",
  YEAR          = "1988",
  SIZE          = "272",  
  COMMENT       = "The book is in IFAD's libary and I do also have
                   it (PGL)."}

%G FUNPRO KDBINT
@ARTICLE{Landin64,
  KEY           = "Landin64",
  AUTHOR        = "P.J. Landin",
  TITLE         = "The Mechanical Evaluation of Expressions",
  JOURNAL       = "The Computer Journal",
  YEAR          = "1964",
  MONTH         = "April",
  VOLUME        = "6",
  NUMBER        = "4",
  PAGES         = "308--320",
  SIZE          = "13",
  COMMENT       = ""}

%G IPTES STATSEM VDM KDBINT
@UNPUBLISHED{IPTESIFAD48,
  KEY           = "Larsen\&92",
  AUTHOR        = "Peter Gorm Larsen \& Poul B\o{}gh Lassen \&
                   Michael Andersen",
  TITLE         = "The IPTES Meta-IV Language",
  YEAR          = "1993",
  MONTH         = "January",
  SIZE          = "67",
  NOTE          = "\\ IPTES Doc.id : IPTES-IFAD-48-V2.2",
  COMMENT       = ""}

%G IPTES KDBINT VDM
@TECHREPORT{IPTESIFAD137,
  KEY           = "Lassen92",
  AUTHOR        = "Poul B\o{}gh Lassen",
  TITLE         = "{Differences between IPTES VDM-SL and BSI/VDM-SL}",
  INSTITUTION   = "IFAD",
  YEAR          = "1992",
  MONTH         = "March",
  NOTE          = "\\ IPTES Doc.id. : IPTES-IFAD-137-V1.0",
  COMMENT       = "put in by MV"}

%G IPTES STATSEM KDBINT
@UNPUBLISHED{IPTESIFAD95,
  KEY           = "Lassen92",
  AUTHOR        = "Poul B\o{}gh Lassen",
  TITLE         = "The Meta-IV C++ Library",
  YEAR          = "1992",
  MONTH         = "August",
  NOTE          = "\\ IPTES Doc.id : IPTES-IFAD-95-V1.2",
  COMMENT       = ""}

%G IPTES STATSEM VDM KDBINT
@UNPUBLISHED{IPTESIFAD12,
  KEY           = "Lassen\&91",
  AUTHOR        = "Poul B\o{}gh Lassen and Peter Gorm Larsen",
  TITLE         = "{An Abstract State Machine Semantics for the
                   IPTES Meta-IV Subset}",
  YEAR          = "1991",
  MONTH         = "October",
  NOTE          = "\\ IPTES Doc.id : IPTES-IFAD-12-V2.0",
  COMMENT       = ""}

%G VDM KDBINT
@ARTICLE{Liu93,
  KEY           = "Liu93",
  AUTHOR        = "Shaoying Liu",
  TITLE         = "Automatic Transformation from VDM Specifications
                   to Programs",
  YEAR          = "1993",
  SIZE          = "23",
  NOTE          = "Submitted to IEEE Transactions on Software Engineering",
  COMMENT       = "PGL has a copy"}

%G VDM KDBINT
@INCOLLECTION{Lucas78,
  KEY           = "Lucas78",
  AUTHOR        = "P. Lucas",
  TITLE         = "On the Formalization of Programming Languages: Early
                   History and Main Approaches",
  BOOKTITLE     = "The Systematic Development of Compiling Algorithm",
  PUBLISHER     = "INRIA Publ. Paris",
  YEAR          = "1978",
  COMMENT       = ""}

%G RB KDBINT
@MISC{Kees,
  KEY           = "Middelburg89",
  AUTHOR        = "Kees Middelburg", 
  TITLE         = "{Preliminary remarks on Bear's model of BSI/VDM modules}", 
  YEAR          = "1989", 
  MONTH         = "May", 
  SIZE          = "6", 
  COMMENT       = "I have a hardcopy of it (PGL)."}

%G VDM IPTESINT KDBINT
@PHDTHESIS{Middelburg90b,
  KEY           = "Middelburg90",
  AUTHOR        = "Kees Middelburg",
  TITLE         = "{Syntax and Semantics of VVSL -- A Language for Structured
                   VDM Specifications}",
  SCHOOL        = "University of Amsterdam",
  YEAR          = "1989",
  SIZE          = "395",
  COMMENT       = "I have a copy of it and I have read parts of it because
                   it is a collection of technical reports (PGL)."}

%G VDM KDBINT
@ARTICLE{Middelburg92c,
  KEY           = "Middelburg92",
  AUTHOR        = "C.A.\ Middelburg",
  TITLE         = "Modular Structuring of VDM Specifications in VVSL",
  JOURNAL       = "Formal Aspects of Computing",
  YEAR          = "1992",
  VOLUME        = "4",
  NUMBER        = "1",
  PAGES         = "13--47",
  SIZE          = "35",
  COMMENT       = "PGL has a copy"}

%G MODULA KDBINT
@MANUAL{Modula,
  KEY           = "Modula",
  TITLE         = "Logitech Modula-2 version 3.0 User's Manual",
  ORGANIZATION  = "Logitech Inc.",
  YEAR          = "1987",
  MONTH         = "September",
  SIZE          = "412",
  COMMENT       = ""}

%G VDM TOOL IPTESINT KDBINT
@TECHREPORT{Plat&89,
  KEY           = "Plat\&89",
  AUTHOR        = "Nico Plat and Hans Toetenel",
  TITLE         = "{Tool support for VDM}",
  INSTITUTION   = "Delft University of Technology",
  YEAR          = "1989",
  MONTH         = "November",
  NUMBER        = "89-81",
  SIZE          = "52",
  COMMENT       = "I have an original copy and I have read it 
                   the 15-2-90. I think that it is worth reading (PGL)."}

%G BSIVDM VDM IFADPUB KDBINT
@ARTICLE{Plat&92b,
  KEY           = "Plat\&92",
  AUTHOR        = "Nico Plat and Peter Gorm Larsen",
  TITLE         = "An Overview of the ISO/VDM-SL Standard",
  JOURNAL       = "Sigplan Notices",
  YEAR          = "1992",
  MONTH         = "August",
  SIZE          = "7",
  PAGES         = "76--82",
  VOLUME        = "27",
  NUMBER        = "8",
  COMMENT       = "PGL. I have the original source text"}

%G METPROJ SOFTENG KDBINT
@BOOK{Pressman82,
  KEY           = "Pressman82",
  AUTHOR        = "R.S. Fairley",
  EDITOR        = "P. Freeman",
  TITLE         = "{Software Engineering. A Practitioner's Approach}",
  PUBLISHER     = "McGraw-Hill",
  YEAR          = "1982",
  SERIES        = "Series in Software Engineering and Technology",
  SIZE          = "352",
  COMMENT       = "L\aa{}nt fra NTUB. 
                   Norges tekniske universitetsbibliotek. OBL."}

%G IPTES IPTESPUB KDBINT
@ARTICLE{IPTESVTT51,
  KEY           = "Pulli\&91",
  AUTHOR        = "P. Pulli, R. Elmstr\o m",
  TITLE         = "IPTES: A Concurrent Engineering Approach for 
                   Real-Time Software Development",
  JOURNAL       = "Submitted to IEEE Software special issue on 
                   Real-time systems development",
  YEAR          = "1991",
  MONTH         = "November",
  PAGES         = "12",
  COMMENT       = "Further developed from Esprit week paper Pulli&91b"}

%G RAISE PGLPHDINT KDBINT
@BOOK{RAISE92a,
  KEY           = "RAISE92",
  AUTHOR        = "The RAISE Language Group",
  TITLE         = "The RAISE Specification Language",
  PUBLISHER     = "Prentice-Hall",
  YEAR          = "1992",
  SERIES        = "The BCS Practitioners Series",
  SIZE          = "397",
  COMMENT       = "LIB. PGL"}

%G RB KDBINT
@MISC{Don,
  KEY           = "Sannella89",
  AUTHOR        = "Don Sannella", 
  TITLE         = "{Review of S.\ Bear's paper ``Structuring of the
                   VDM Specification Language''}", 
  YEAR          = "1989", 
  MONTH         = "July", 
  SIZE          = "4", 
  COMMENT       = "I have a hardcopy (PGL)."}

%G THEORY BSIVDMINT KDBINT
@BOOK{Schmidt,
  KEY           = "Schmidt86",
  AUTHOR        = "David A.\ Schmidt", 
  TITLE         = "{Denotational Semantics -- A Methodology for Language
                   Development}",
  PUBLISHER     = "Allyn and Bacon, Inc.\ ",
  YEAR          = "1986",
  SIZE          = "331", 
  COMMENT       = "I have a copy of it (PGL)."}

%G FUNPRO IPTESINT KDBINT
@PHDTHESIS{Sestoft91,
  KEY           = "Sestoft91",
  AUTHOR        = "Peter Sestoft",
  TITLE         = "Analysis and Efficient Implementation of
                   Functional Programs",
  SCHOOL        = "University of Copenhagen",
  YEAR          = "1991",
  MONTH         = "October",
  SIZE          = "161",
  COMMENT       = "BIB. KDB"}

%G VDM CCS CSP TIME KDBINT
@PHDTHESIS{Toetenel92,
  KEY           = "Toetenel92",
  AUTHOR        = "W.J.\ Toetenel",
  TITLE         = "Model Oriented Specification of Communicating Agents",
  SCHOOL        = "Delft University of Technology",
  YEAR          = "1992",
  MONTH         = "December",
  SIZE          = "355",
  COMMENT       = "PGL has a copy"}

%G IPTESINT VDM KDBINT
@MASTERSTHESIS{Verhoef92,
  KEY           = "Verhoef92",
  AUTHOR        = "Marcel Verhoef",
  TITLE         = "A constructive static semantics for the IPTES Meta-IV
                   specification language",
  SCHOOL        = "Delft University of Technology",
  YEAR          = "1992",
  MONTH         = "September",
  SIZE          = "162",
  COMMENT       = "PGL has copy. KDB."}

%G MODULA KDBINT
@BOOK{Wirth85,
  KEY           = "Wirth85",
  AUTHOR        = "Niklaus Wirth",
  EDITOR        = "David Gries",
  TITLE         = "Programming in Modula-2",
  PUBLISHER     = "Springer-Verlag",
  YEAR          = "1985",
  SERIES        = "Texts and Monographs in Computer Science",
  EDITION       = "Third, Corrected",
  SIZE          = "202",
  COMMENT       = ""}

