@STRING{ID     = "Department of Computer Science"}
@STRING{DTH    = "Technical University of Denmark, DK-2800 Lyngby, Denmark"}
@STRING{DDC    = "Dansk Datamatik Center"}
@STRING{DDCADD = "Lundtoftevej 1C, DK-2800 Lyngby, Denmark"}
